@Misc{dumm,

author = {Brian Krzanich},
title = {Data is the New Oil in the Future of Automated Driving},
howpublished = {\url{https://newsroom.intel.com/editorials/krzanich-the-future-of-automated-driving/#gs.kvj5y2/}},
year = {2016}

}
