@Misc{datastats,

author = {Brian Krzanich},
title = {Data is the New Oil in the Future of Automated Driving},
howpublished = {\url{https://newsroom.intel.com/editorials/krzanich-the-future-of-automated-driving/#gs.kvj5y2/}},
year = {2016}

}

@Misc{ROS,
	
	author = {Open Robotics},
	title = {About ROS},
	howpublished = {\url{https://www.ros.org/about-ros/}},
	year = {27.12.2019}
	
}
@Misc{rosvsros2,
	
	author = {Y. Maruyama, S. Kato, T. Azumi},
	title = {Exploring the Performance of ROS2},
	howpublished = {Proceedings of the 13th International Conference on Embedded Software, pp. 5:1-5:10},
	year = {2016}
	
} 
@Misc{ROS2distro,
	
	author = {Open Robotics},
	title = {Distributions},
	howpublished = {\url{https://index.ros.org/doc/ros2/Releases/#releases}},
	year = {27.12.2019}
	
}

@Misc{uros,
	
	author = {micro-ROS},
	title = {Overview},
	howpublished = {\url{https://micro-ros.github.io/docs/overview/}},
	year = {27.12.2019}
	
}

@Misc{uroslogo,
	
	author = {micro-ROS},
	title = {micro-ROS},
	howpublished = {\url{https://micro-ros.github.io/}},
	year = {27.12.2019}
	
}

@Misc{topic,
	
	author = {Open Robotics},
	title = {Topics},
	howpublished = {\url{http://wiki.ros.org/Topics}},
	year = {27.12.2019}
	
}
@Misc{messages,
	
	author = {Open Robotics},
	title = {Messages},
	howpublished = {\url{http://wiki.ros.org/Messages}},
	year = {27.12.2019}
	
}

@Misc{node_topic,
	
	author = {Arnold Bail},
	title = {Robotics and ROS},
	howpublished = {\url{https://www.slideshare.net/ArnoldBail/robotics-and-ros}},
	year = {27.12.2019}
	
}

@Misc{DDS,
	
	author = {DDS Foundation},
	title = {What is DDS},
	howpublished = {\url{https://www.dds-foundation.org/what-is-dds-3/}},
	year = {03.01.2020}
	
} 

@Misc{qos,
	
	author = {Open Robotics},
	title = {About Quality of Service Settings},
	howpublished = {\url{https://index.ros.org/doc/ros2/Concepts/About-Quality-of-Service-Settings/}},
	year = {03.01.2020}
	
} 



@Misc{urosarc,
	
	author = {micro-ROS},
	title = {micro-ros-setup},
	howpublished = {\url{https://github.com/micro-ROS/micro-ros-build/blob/crystal/micro_ros_setup/README.md}},
	year = {03.01.2020}
	
} 

@Misc{let,
	
	author = {micro-ROS},
	title = {Real-Time Executor},
	howpublished = {\url{https://micro-ros.github.io/docs/concepts/client_library/real-time_executor/}},
	year = {03.01.2020}
	
} 
@Misc{olimex,
	
	author = {Olimex},
	title = {STM32-E407},
	howpublished = {\url{https://www.olimex.com/Products/ARM/ST/STM32-E407/open-source-hardware}},
	year = {03.01.2020}
	
} 
@Misc{waveshare,
	
	author = {Waveshare},
	title = {Open407I-C Standard, STM32F4 Development Board},
	howpublished = {\url{https://www.waveshare.com/Open407I-C-Standard.htm}},
	year = {03.01.2020}
	
} 

@Misc{deadline,
	
	author = {J. Kay, A. R. Tsouroukdissian},
	title = {Real-time control in ROS and ROS 2.0},
	howpublished = {ROSCon15},
	year = {2015}
	
} 
@InProceedings{ingo,
	author =	{Daniel Casini and Tobias Bla{\ss} and Ingo L{\"u}tkebohle and Bj{\"o}rn B. Brandenburg},
	title =	{{Response-Time Analysis of ROS 2 Processing Chains Under Reservation-Based Scheduling}},
	booktitle =	{31st Euromicro Conference on Real-Time Systems (ECRTS 2019)},
	pages =	{6:1--6:23},
	series =	{Leibniz International Proceedings in Informatics (LIPIcs)},
	ISBN =	{978-3-95977-110-8},
	ISSN =	{1868-8969},
	year =	{2019},
	volume =	{133},
	editor =	{Sophie Quinton},
	publisher =	{Schloss Dagstuhl--Leibniz-Zentrum fuer Informatik},
	address =	{Dagstuhl, Germany},
	URL =		{http://drops.dagstuhl.de/opus/volltexte/2019/10743},
	URN =		{urn:nbn:de:0030-drops-107431},
	doi =		{10.4230/LIPIcs.ECRTS.2019.6},
	annote =	{Keywords: ROS, real-time systems, response-time analysis, robotics, resource reservation}
}

@Misc{nobleo,

author = {Nobleo},
title = {ROS2 Performance},
howpublished = {\url{https://github.com/nobleo/ros2_performance}},
year = {2019},

} 

@Misc{ADASsim,
	
	author = {Viplav Setia},
	title = {ADAS Application with ROS2 using Camera and LIDAR using Gazebo Simulator},
	howpublished = {\url{https://github.com/Viplav04/ADAS-ROS2-Gazebo-Simulator}},
	year = {2019},
	
} 
@Misc{rtpendulum,
	
	author = {Lander Usategui San Juan, Carlos},
	title = {Inverted Pendulum Demo},
	howpublished = {\url{https://github.com/ros2-realtime-demo/pendulum}},
	year = {2019},
	
} 

@Misc{dualboot,
	
	author = {AskUbuntu},
	
	howpublished = {\url{https://askubuntu.com/questions/1081472/vmlinuz-4-18-12-041812-generic-has-invalid-signature}},
	year = {2019},
	
}
@Misc{urosinstall,
	
	author = {micro-ROS},
	title = {Tutorials},
	howpublished = {\url{https://micro-ros.github.io/docs/tutorials/basic/getting_started/}},
	year = {2019},
	
}
 @Misc{Nuttxchannel,

author = {Nuttx Channel},

howpublished = {\url{https://www.youtube.com/channel/UC0QciIlcUnjJkL5yJJBmluw/videos}},
year = {2019},

} 
@Misc{olimexconfigfile,

author = {Viplav Setia},
title = {Olimex-stm32-e407 micro-ROS configuration},
howpublished = {\url{https://github.com/Viplav04/NuttX/tree/master/configs/olimex-stm32-e407/uros}},
year = {2019},

} 

@Misc{olimexdatasheet,
	
	author = {Olimex},
	title = {Olimex-stm32-e407 User Manual},
	howpublished = {\url{https://www.olimex.com/Products/ARM/ST/STM32-E407/resources/STM32-E407.pdf}},
	year = {2019},
	
} 

